@book{kelleher2020fundamentals,
  author    = {John D. Kelleher and Brian Mac Namee and Aoife Dâ€™Arcy},
  title     = {Fundamentals of Machine Learning for Predictive Data Analytics: Algorithms, Worked Examples, and Case Studies},
  edition   = {2},
  publisher = {MIT Press},
  year      = {2020},
  address   = {Cambridge, Massachusetts},
  isbn      = {9780262044691}
}
